@article{DBLP:journals/corr/abs-1911-06455,
  author       = {Seongjun Yun and
                  Minbyul Jeong and
                  Raehyun Kim and
                  Jaewoo Kang and
                  Hyunwoo J. Kim},
  title        = {Graph Transformer Networks},
  journal      = {CoRR},
  volume       = {abs/1911.06455},
  year         = {2019},
  url          = {http://arxiv.org/abs/1911.06455},
  eprinttype    = {arXiv},
  eprint       = {1911.06455},
  timestamp    = {Mon, 02 Dec 2019 13:44:01 +0100},
  biburl       = {https://dblp.org/rec/journals/corr/abs-1911-06455.bib},
  bibsource    = {dblp computer science bibliography, https://dblp.org}
}


@article{YUN2022104,
title = {Graph Transformer Networks: Learning meta-path graphs to improve GNNs},
journal = {Neural Networks},
volume = {153},
pages = {104-119},
year = {2022},
issn = {0893-6080},
doi = {https://doi.org/10.1016/j.neunet.2022.05.026},
url = {https://www.sciencedirect.com/science/article/pii/S0893608022002003},
author = {Seongjun Yun and Minbyul Jeong and Sungdong Yoo and Seunghun Lee and Sean S. Yi and Raehyun Kim and Jaewoo Kang and Hyunwoo J. Kim},
keywords = {Graph Neural Networks, Heterogeneous graphs, Machine learning on graphs, Network analysis},
}


@article{cai_2021,
author = {Cai, Xinjun and Shang, Jiaxing and Hao, Fei and Liu, Dajiang and Zheng, Linjiang},
year = {2021},
month = {09},
pages = {},
title = {HMSG: Heterogeneous Graph Neural Network based on Metapath Subgraph Learning}
}